@article{ Boulos08,
  author = {Boulos, Solomon and Ingo Wald and Carsten Benthin},
  title = {Adaptive Ray Packet Reordering},
  journal ={Symposium on Interactive Ray Tracing},
  volume = {0},
  year = {2008},
  isbn = {978-1-4244-2741-3},
  pages = {131-138},
  publisher = {IEEE Computer Society},
  address = {Los Alamitos, CA, USA},
}

@article{ Wald07,
 author = {Wald, Ingo and Boulos, Solomon and Shirley, Peter},
 title = {Ray tracing deformable scenes using dynamic bounding volume hierarchies},
 journal = {ACM Trans. Graph.},
 volume = {26},
 issue = {1},
 month = {January},
 year = {2007},
 issn = {0730-0301},
 articleno = {6},
 url = {http://doi.acm.org/10.1145/1189762.1206075},
 doi = {http://doi.acm.org/10.1145/1189762.1206075},
 acmid = {1206075},
 publisher = {ACM},
 address = {New York, NY, USA},
} 

@InProceedings{Wald08,
	title	= { {Getting} {Rid} {of} {Packets} {--} {Efficient} {SIMD} {Single-Ray} {Traversal} {using} {Multi-Branching} {BVHs}},
	author	= { Ingo Wald and Carsten Benthin and Solomon Boulos },
	year	= { 2008 },
	booktitle	= { {Proceedings} {of} {IEEE} {Symposium} {on} {Interactive} {Ray} {Tracing} {2008} }
}

@PhdThesis{ Havran00,
 author = "Vlastimil Havran",
 title  = "Heuristic Ray Shooting Algorithms",
 school = "Department of Computer Science and Engineering,
           Faculty of Electrical Engineering,
           Czech Technical University in Prague",
 type   = "Ph.D. Thesis",
 year   = "2000",
 month  = "November",
 url    = "http://www.cgg.cvut.cz/~havran/phdthesis.html",
}

@inproceedings{ Bittner09,
 author = {Bittner, Ji\v{r}\'{\i} and Havran, Vlastimil},
 title = {RDH: ray distribution heuristics for construction of spatial data structures},
 booktitle = {Proceedings of the 2009 Spring Conference on Computer Graphics},
 series = {SCCG '09},
 year = {2009},
 isbn = {978-1-4503-0769-7},
 location = {Budmerice, Slovakia},
 pages = {51--58},
 numpages = {8},
 url = {http://doi.acm.org/10.1145/1980462.1980475},
 doi = {http://doi.acm.org/10.1145/1980462.1980475},
 acmid = {1980475},
 publisher = {ACM},
 address = {New York, NY, USA},
} 

@InProceedings{ Kensler08,
    title      = { {T}ree {R}otations for {I}mproving {B}ounding {V}olume {H}ierarchies },
    author     = { Andrew Kensler },
    booktitle  = { Proceedings of the 2008 IEEE Symposium on Interactive Ray Tracing },
    month      = { Aug },
    year       = { 2008 },
    pages      = { 73--76 },
}

@TECHREPORT{Kopta11,
  AUTHOR =        {Daniel Kopta and  Andrew Kensler and Thiago Ize and Josef Spjut and Erik Brunvand and Al Davis},
  TITLE =         {Fast, Effective BVH Updates for Dynamic Ray-Traced Scenes Using Tree Rotations},
  NUMBER =        {UUCS-11-002},
  INSTITUTION =   {University of Utah},
  MONTH =         {July},
  YEAR  =         {2011},
}
